<?xml version="1.0" encoding="UTF-8"?><record xmlns="http://www.loc.gov/MARC21/slim" xmlns:cinclude="http://apache.org/cocoon/include/1.0" xmlns:zs="http://www.loc.gov/zing/srw/">
  <leader>00598nz  a2200157n  4500</leader>
  <controlfield tag="001">no2008145360</controlfield>
  <controlfield tag="003">DLC</controlfield>
  <controlfield tag="005">20081005081056.0</controlfield>
  <controlfield tag="008">081003n| acannaabn          |a aaa     c</controlfield>
  <datafield tag="010" ind1=" " ind2=" ">
    <subfield code="a">no2008145360</subfield>
  </datafield>
  <datafield tag="035" ind1=" " ind2=" ">
    <subfield code="a">(OCoLC)oca07897692</subfield>
  </datafield>
  <datafield tag="040" ind1=" " ind2=" ">
    <subfield code="a">MoSU-L</subfield>
    <subfield code="b">eng</subfield>
    <subfield code="c">MoSU-L</subfield>
  </datafield>
  <datafield tag="100" ind1="1" ind2=" ">
    <subfield code="a">Howell, James Bruen,</subfield>
    <subfield code="d">1816-1880</subfield>
  </datafield>
  <datafield tag="400" ind1="1" ind2=" ">
    <subfield code="a">Howell,</subfield>
    <subfield code="c">Mr.</subfield>
    <subfield code="q">(James Bruen),</subfield>
    <subfield code="d">1816-1880</subfield>
  </datafield>
  <datafield tag="670" ind1=" " ind2=" ">
    <subfield code="a">In the Senate of the United States. April 27, 1870, 1870:</subfield>
    <subfield code="b">p. 1 (Mr. Howell)</subfield>
  </datafield>
  <datafield tag="670" ind1=" " ind2=" ">
    <subfield code="a">Biog. dir. of the U.S. Cong. online, viewed Oct. 3, 2008</subfield>
    <subfield code="b">(Howell, James Bruen; a Senator from Iowa; b. July 4, 1816; d. June 17, 1880)</subfield>
  </datafield>
</record>